@book{col-alg,
  author = {Carl Stitz and Jeff Zeager},
  year = {July 4, 2013},
  title = {College Algebra},
  edition = {3}
}

